% Encoding: UTF-8

@Book{Krolikowski2012,
  title     = {Polimerowe kompozyty konstrukcyjne},
  publisher = {Wydawnictwo Naukowe PWN},
  year      = {2012},
  author    = {Wacław Królikowski},
  editor    = {Anna Dodek},
}

@Article{KompMetal,
  author  = {Jerzy Sobczak, Stefan Wojciechowski},
  title   = {Współczesne tendencje praktycznego zastosowania kompozytów metalowych},
  journal = {Kompozyty(Composites)},
  year    = {2002},
}

@Article{KompPolimer,
  author  = {Wacław Królikowski},
  title   = {Nowozesne konstrukcyjne polimerowe materiały kompozytowe},
  journal = {Kompozyty(Composites)},
  year    = {2002},
}

@Article{KompCer,
  author  = {Roman Pampuch},
  title   = {Kompozyty ceramiczne},
  journal = {Kompozyty(Composites)},
  year    = {2002},
}

@Book{MMC,
  title     = {Metal Matrix Composites. Custom-made Materials for Automotive and Aerospace Engineering},
  publisher = {WILEY-VCH Verlag GmbH \& Co. KGaA},
  year      = {2006},
  author    = {Karl Ulrich Kainer},
}

@Book{Chawla1998,
  title     = {Composite materials},
  publisher = {Springer New York},
  year      = {1998},
  author    = {Krishan K. Chawla},
}

@Article{FML,
  author  = {Jarosław Bieniaś},
  title   = {Fibre Metal Laminates - some aspects of manufacturing process, structure and selected properties},
  journal = {Kompozyty(Composites)},
  year    = {2011},
}

@Article{FMLold,
  author  = {A. Asundi, Alta Y.N. Choi},
  title   = {Fiber Metal Laminates: An Advanced Material for Future Aircraft},
  journal = {Journal of Materials Processing Technology},
  year    = {1997},
}

@Article{wiki,
  title = {https://en.wikipedia.org/wiki/Polyethylene},
  year  = {(dostęp 03.05.2017)},
}

@Article{wikiPA,
  title = {https://en.wikipedia.org/wiki/Nylon\_6},
  year  = {(dostęp 03.05.2017)},
}

@Article{Dresher,
  author  = {Dresher W.H.},
  title   = {The age of fibers},
  journal = {Journal of Metals},
  year    = {April 1969},
}

@Comment{jabref-meta: databaseType:bibtex;}
